<record><leader>00000cas a22000007a 4500</leader><controlfield tag="001">35905643</controlfield><controlfield tag="008">961113d19081909okuwr n       0    0eng d</controlfield><datafield ind1=" " ind2=" " tag="010"><subfield code="a">sn 96093168 </subfield></datafield><datafield ind1=" " ind2=" " tag="040"><subfield code="a">OBN</subfield><subfield code="b">eng</subfield><subfield code="c">OBN</subfield><subfield code="d">OCLCQ</subfield><subfield code="d">OCLCO</subfield></datafield><datafield ind1="1" ind2=" " tag="029"><subfield code="a">AU@</subfield><subfield code="b">000012911406</subfield></datafield><datafield ind1=" " ind2=" " tag="042"><subfield code="a">msc</subfield></datafield><datafield ind1=" " ind2=" " tag="043"><subfield code="a">n-us-ok</subfield></datafield><datafield ind1="0" ind2="4" tag="245"><subfield code="a">The Rogers County democrat.</subfield></datafield><datafield ind1="3" ind2=" " tag="246"><subfield code="a">Rogers Co. democrat</subfield></datafield><datafield ind1=" " ind2=" " tag="260"><subfield code="a">Foyil, Okla. :</subfield><subfield code="b">William R. Harper</subfield></datafield><datafield ind1=" " ind2=" " tag="300"><subfield code="a">v.</subfield></datafield><datafield ind1=" " ind2=" " tag="310"><subfield code="a">Weekly</subfield></datafield><datafield ind1="0" ind2=" " tag="362"><subfield code="a">Vol. 4, no. 35 (Dec. 5, 1908)-v. 5, no. 11 (June 26, 1909).</subfield></datafield><datafield ind1=" " ind2="0" tag="651"><subfield code="a">Foyil (Okla.)</subfield><subfield code="v">Newspapers.</subfield></datafield><datafield ind1=" " ind2="0" tag="651"><subfield code="a">Rogers County (Okla.)</subfield><subfield code="v">Newspapers.</subfield></datafield><datafield ind1=" " ind2=" " tag="752"><subfield code="a">United States</subfield><subfield code="b">Oklahoma</subfield><subfield code="c">Rogers</subfield><subfield code="d">Foyil.</subfield></datafield><datafield ind1="0" ind2="0" tag="780"><subfield code="t">Foyil statesman (Foyil, Okla. : 1908)</subfield><subfield code="w">(DLC)sn 96093167</subfield><subfield code="w">(OCoLC)35905604</subfield></datafield><datafield ind1="0" ind2="7" tag="785"><subfield code="t">Claremore progress (Claremore, Okla. : 1893)</subfield><subfield code="w">(DLC)sn 86063918</subfield><subfield code="w">(OCoLC)13645930</subfield></datafield><datafield ind1="0" ind2="7" tag="785"><subfield code="t">Claremore progress and Rogers County democrat</subfield><subfield code="w">(DLC)sn 96093169</subfield><subfield code="w">(OCoLC)35905749</subfield></datafield></record>